<?xml version="1.0" encoding="UTF-8"?><collection xmlns="http://www.loc.gov/MARC21/slim"><record><leader>00478nam--2200157-i-4500</leader><controlfield tag="001">000016985</controlfield><controlfield tag="002">20161230</controlfield><controlfield tag="005">20170304160944</controlfield><controlfield tag="008">060222s1000------------r-----000-0-eng-d</controlfield><datafield ind1=" " ind2=" " tag="100"><subfield code="a">Davis, Raymond E</subfield></datafield><datafield ind1=" " ind2=" " tag="245"><subfield code="a">Instructor s manual to accompany general chemistry and general chemistry with qualitative analysis</subfield></datafield><datafield ind1=" " ind2=" " tag="260"><subfield code="a">Philadelphia</subfield><subfield code="b">Saunders Golden Sunburst Series</subfield><subfield code="c">1988</subfield></datafield><datafield ind1=" " ind2=" " tag="300"><subfield code="a">274 p</subfield></datafield><datafield ind1=" " ind2=" " tag="700"><subfield code="a">Gailey, Kenneth D</subfield></datafield><datafield ind1=" " ind2=" " tag="852"><subfield code="a">54</subfield></datafield><datafield ind1=" " ind2=" " tag="CAT"><subfield code="a">SYS</subfield><subfield code="c">20170304</subfield><subfield code="h">160944</subfield></datafield></record></collection>